@misc{webmakers2024,
  author       = {{WebMakers}},
  title        = {The importance of documentation in software projects. How to avoid chaos?},
  year         = {2024},
  month        = {November},
  day          = {07},
  howpublished = {\url{https://webmakers.expert/en/blog/the-importance-of-documentation-in-software-projects}},
  note         = {Zugriff am 19.05.2025}
}

@misc{moldstud2024,
  author       = {{MoldStud Research Team}},
  title        = {The Importance of Version Control Systems in Software Development},
  year         = {2024},
  month        = {Februar},
  day          = {14},
  howpublished = {\url{https://moldstud.com/articles/p-the-importance-of-version-control-systems-in-software-development}},
  note         = {Zugriff am 19.05.2025}
}

@misc{fraunhoferIESE2020,
  author       = {Groen, Eddy and Koch, Matthias and Stüpfert, Phil},
  title        = {Anforderungsdokumentation (3/5): Typische Herausforderungen bei der Dokumentation agiler Anforderungen},
  year         = {2020},
  month        = {Januar},
  day          = {23},
  howpublished = {\url{https://www.iese.fraunhofer.de/blog/anforderungsdokumentation-3-herausforderungen-bei-dokumentation-agiler-anforderungen/}},
  note         = {Zugriff am 19.05.2025. Veröffentlicht im Blog des Fraunhofer IESE}
}

@misc{GrenzebachWebsite,
  author       = {{Grenzebach BSH GmbH}},
  title        = {Unternehmen | Grenzebach},
  year         = {2025},
  month        = {April},
  day          = {03},
  howpublished = {\url {https://www.grenzebach.com/de/unternehmen/}},
  note         = {Zugriff am 21.05.2025}
}

@misc{styrz2022normen,
  author       = {{Styrz - Technische Redaktion}},
  title        = {Wo die Normen EN 82079 und 26514 Hand in Hand gehen},
  year         = {2022},
  month        = {September},
  day          = {29},
  howpublished = {\url{https://www.styrz.de/wo-die-normen-en-82079-und-26514-hand-in-hand-gehen/}},
  note         = {Zugriff am 21.05.2025}
}

@book{ChaconStraubProGit,
  author    = {Chacon, Scott and Straub, Ben},
  title     = {Pro Git},
  publisher = {Apress},
  year      = {2014},
  edition   = {Second Edition},
  note      = {\url{https://git-scm.com/book/de/v2}}
}

@misc{AgileManifestoDe,
  author       = {{Beck, Kent and Beedle, Mike and van Bennekum, Arie et al.}},
  title        = {Manifest für Agile Softwareentwicklung},
  howpublished = {\url{https://agilemanifesto.org/iso/de/manifesto.html}},
  year         = {2001},
  note         = {Zugriff am 21.05.2025}
}

@misc{fraunhoferIESE2020agilMytho,
  author       = {Groen, Eddy and Koch, Matthias and Stüpfert, Phil},
  title        = {Anforderungsdokumentation (2/5): Der Mythos „Keine Dokumentation“ für agile Anforderungen},
  year         = {2020},
  month        = {Januar}, 
  howpublished = {\url{https://www.iese.fraunhofer.de/blog/anforderungsmanagement-2-der-mythos-keine-dokumentation-fuer-agile-anforderungen/}},
  note         = {Zugriff am 22.05.2025. Veröffentlicht im Blog des Fraunhofer IESE}
}

@misc{WriteTheDocsWhatIsDocsAsCode,
  author       = {{Write the Docs}},
  title        = {What is Docs as Code?},
  howpublished = {\url{https://www.writethedocs.org/guide/docs-as-code/}},
  year         = {2024},
  note         = {Zugriff am 22.05.2025}
}

@misc{AtlassianGitWorkflows,
  author       = {{Atlassian}},
  title        = {Git Workflows im Vergleich},
  howpublished = {\url{https://www.atlassian.com/de/git/tutorials/comparing-workflows}},
  year         = {2024},
  note         = {Zugriff am 23.05.2025}
}

@misc{ConventionalCommitsOrgDe,
  author       = {{Conventional Commits Contributors}},
  title        = {Conventional Commits 1.0.0},
  howpublished = {\url{https://www.conventionalcommits.org/de/v1.0.0/}},
  year         = {2023}, 
  note         = {Zugriff am 23.05.2025}
}

@misc{AtlassianWasIstEinPullRequest,
  author       = {{Atlassian}},
  title        = {Was ist ein Pull-Request?},
  howpublished = {\url{https://www.atlassian.com/de/git/tutorials/making-a-pull-request}},
  year         = {2024},
  note         = {Zugriff am 24.05.2025}
}

@misc{SemVerOrgDe,
  author       = {Preston-Werner, Tom and contributors},
  title        = {Semantic Versioning 2.0.0},
  howpublished = {\url{https://semver.org/lang/de/}},
  year         = {2013}, 
  note         = {Zugriff am 24.05.2025}
}
@misc{GitHubLinksForConfluenceMarketplace,
  author       = {{Atlassian Marketplace}},
  title        = {GitHub links for Confluence},
  howpublished = {\url{https://marketplace.atlassian.com/apps/1216106/github-links-for-confluence}},
  year         = {2025},
  note         = {Zugriff am 11.06.2025}
}

@misc{MITCodingCommentStyle,
  author       = {{MIT Communication Lab}},
  title        = {Coding and Comment Style},
  howpublished = {\url{https://mitcommlab.mit.edu/broad/commkit/coding-and-comment-style/}},
  year         = {2025}, 
  note         = {Zugriff am 11.06.2025}
}
